
@article{anderson1963atp,
  title={{Asymptotic theory for principal component analysis}},
  author={Anderson, T.W.},
  journal={Annals of Mathematical Statistics},
  volume={34},
  pages={122-148},
  year={1963}
}

@article{bai1993lse,
  title={{Limit of the smallest eigenvalue of a large dimensional sample covariance matrix}},
  author={Bai, Z.D. and Yin, Y.Q.},
  journal={Ann. Probab},
  volume={21},
  number={3},
  pages={1275--1294},
  year={1993}
}

@article{bai2004cls,
  title={{CLT for linear spectral statistics of large-dimensional sample covairance matrices}},
  author={Bai, ZD and Silverstein, J.W.},
  journal={Annals of Probability},
  pages={553--605},
  year={2004},
  publisher={The Institute of Mathematical Statistics}
}


@article{baik2006els,
  title={{Eigenvalues of large sample covariance matrices of spiked population models}},
  author={Baik, J. and Silverstein, J.W.},
  journal={Journal of Multivariate Analysis},
  volume={97},
  number={6},
  pages={1382--1408},
  year={2006},
  publisher={Elsevier}
}

@article{biotechnol1995sms,
  title={{1. Schena M, Shalon D, Davis RW, Brown PO: Quantitative monitoring of gene expression patterns with a complementary DNA microarray.}},
  author={Biotechnol, N. and Immunol, C.O. and Med, N. and Invest, E.J.C. and Retroviruses, A.R.H. and Immunol, E.J. and Immunol, J. and Chem, J.B. and Sci, J.B. and Virol, J. and others},
  journal={Science},
  volume={270},
  pages={467--470},
  year={1995}
}

@unpublished{efron2008smi,
  title={{Are a Set of Microarrays Independent of Each Other?}},
  author={Efron, B.},
  yeat={{2008}},
  note={{Available at \url{http://www-stat.stanford.edu/~ckirby/brad/papers/2008ASetofMicroarrays.pdf}}}
}

@book{golub1996mc,
  title={{Matrix computations}},
  author={Golub, G.H. and Van Loan, C.F.},
  year={1996},
  publisher={Johns Hopkins University Press}
}

@article{hiai1998edw,
  title={{Eigenvalue density of the Wishart matrix and large deviations}},
  author={Hiai, F. and Petz, D.},
  journal={Inf. Dim. Anal. Quantum Probab. Rel. Top},
  volume={1},
  pages={633--646},
  year={1998}
}

@article{johnstone2001dle,
  title={{On the distribution of the largest eigenvalue in principal components analysis}},
  author={Johnstone, I.M.},
  journal={Ann. Statist},
  volume={29},
  number={2},
  pages={295--327},
  year={2001}
}

@book{jolliffe2002pca,
  title={{Principal component analysis}},
  author={Jolliffe, I.T.},
  year={2002},
  publisher={Springer New York}
}

@book{manning1999fsn,
  title={{Foundations of statistical natural language processing}},
  author={Manning, C.D. and Sch{\"u}tze, H. and MIT Press},
  year={1999},
  publisher={MIT Press}
}

@article{markowitz1952ps,
  title={{Portfolio selection}},
  author={Markowitz, H.},
  journal={Journal of finance},
  pages={77--91},
  year={1952},
  publisher={American Finance Association}
}

@article{marvcenko1967des,
  title={{Distribution of eigenvalues for some sets of random matrices}},
  author={Mar{\v{c}}enko, VA and Pastur, LA},
  journal={Sbornik: Mathematics},
  volume={1},
  number={4},
  pages={457--483},
  year={1967},
  publisher={Turpion Ltd}
}

@article{mcleish1974dcl,
  title={{Dependent central limit theorems and invariance principles}},
  author={McLeish, DL},
  journal={Ann. Probab},
  volume={2},
  number={4},
  pages={620--628},
  year={1974}
}

@phdthesis{meckes2006ivs,
  title={{An Infinitesimal Version of Stein's Method of Exchangeable Pairs}},
  author={Meckes, E.},
  school={Stanford University},
  year={2006},
}

@article{muirhead1982ams,
  title={{Aspects of multivariate statistical theory.}},
  author={Muirhead, RJ},
  journal={John Wiley \& Sons, Inc.},
  year={1982}
}

@article{nadler2008fsa,
  title={{Finite sample approximation results for principal component analysis: A matrix perturbation approach}},
  author={Nadler, B.},
  journal={The Annals of Statistics},
  volume={36},
  number={6},
  pages={2791--2817},
  year={2008}
}

@article{onatski,
  author={Onatski, A.},
  title={{Asymptotic distribution of the principal components estimator of large factor models when factors are relatively weak}},
  journal={Journal of Econometrics},
  year={{To appear}}
}

@article{paul2007ase,
  title={{Asymptotics of sample eigenstructure for a large dimensional spiked covariance model}},
  author={Paul, D.},
  journal={Statistica Sinica},
  volume={17},
  number={4},
  pages={1617},
  year={2007}
}

@article{soshnikov2002nud,
  title={{A Note on Universality of the Distribution of the Largest Eigenvalues in Certain Sample Covariance Matrices}},
  author={Soshnikov, A.},
  journal={Journal of Statistical Physics},
  volume={108},
  number={5},
  pages={1033--1056},
  year={2002},
  publisher={Springer}
}

@article{yin1988lle,
  title={{On the limit of the largest eigenvalue of the large dimensional sample covariance matrix}},
  author={Yin, YQ and Bai, ZD and Krishnaiah, PR},
  journal={Probability Theory and Related Fields},
  volume={78},
  number={4},
  pages={509--521},
  year={1988},
  publisher={Springer}
}
